@book{bib:ksiazka_sieci,
  title     = {Wstęp do teorii obliczeń neuronowych},
  author    = {J. Hertz and A. Krogh and R.G. Palmer},
  publisher = {WNT},
  year      = {1993},
  address   = {Warszawa}
}


@book{bib:ksiazka_sieci_algorytmy,
  title     = {Sieci neuronowe w ujęciu algorytmicznym},
  author    = {S. Osowski},
  publisher = {WNT},
  year      = {1996},
  address   = {Warszawa}
}

@online{bib:linearyzacja,
  title     = {Modelling and application of adaptive control to a gas heater},
  author    = {S. Claquin and A. Carrier and F. Rocaries},
  publisher = {Proceedings of IEEE International Conference on Control and Applications},
  year      = {1994},
  address   = {Glasgow, UK}
}


@article{bib:artykul_dane,
  title   = {A probabilistic hot water usage model and simulator for use in residential energy management},
  author  = {M.J. Ritchie and J.A.A. and Engelbrecht M.J. Booysen},
  journal = {Energy \& Buildings},
  year    = {2021},
  number  = {8}
}

@misc{bib:Dziennik_ustaw_1,
  title        = {Rozporządzenie Ministra Infrastruktury z dnia 12 kwietnia 2002 r. w sprawie warunków technicznych, jakim powinny odpowiadać budynki i ich usytuowanie.},
  year         = 2002,
  howpublished = {Dziennik Ustaw Rzeczypospolitej Polskiej},
  volume       = 75,
  number       = 690,
  note         = {Numer 75, pozycja 690}
}


@misc{bib:Dziennik_ustaw_2,
  title        = {Obwieszczenie Ministra Infrastruktury i Rozwoju z dnia 17 lipca 2015 r. w sprawie ogłoszenia jednolitego tekstu rozporządzenia Ministra Infrastruktury w sprawie warunków technicznych, jakim powinny odpowiadać budynki i ich usytuowanie},
  year         = 2015,
  howpublished = {Dziennik Ustaw Rzeczypospolitej Polskiej},
  number       = 1422,
  note         = {Pozycja 1422}
}

@misc{bib:Unia_Ai,
  title        = {Commission launches AI innovation package to support Artificial Intelligence startups and SMEs},
  year         = 2024,
  howpublished = {European Commission - Press release},
  number       = IP/24/383,
  note         = {IP/24/383}
}

@misc{bib:GUS,
  title        = {Energia 2023},
  year         = 2023,
  howpublished = {Główny Urząd Statystyczny}
}


@online{bib:CWU_TEMP,
  author  = {Vaillant},
  title   = {Temperatura CWU (ciepłej wody użytkowej) – zalecenia i optymalizacja},
  year    = {2022},
  url     = {https://www.vaillant.pl/klienci-indywidualni/porady-i-wiedza/poradnik/inne/temperatura-cwu/},
  urldate = {2024-01-25}
}

@online{bib:Stack,
  author  = {Stack Overflow},
  title   = {Developer Survey},
  year    = {2023},
  url     = {https://survey.stackoverflow.co/2023},
  urldate = {2024-01-17}
}

@article{bib:model_1,
  title   = {Comparative Analysis of Thermal Energy Storage Stratification Efficiency},
  author  = {M. Y. Haller and J. Streicher},
  journal = {Thermal Energy Storage for Efficiency and Sustainability},
  year    = {2009}
}
@online{bib:AI_FAST,
  author  = {Sujith Mathew Iype},
  title   = {Human Brain vs Artificial Intelligence Systems},
  year    = {2018},
  url     = {https://ignitarium.com/human-brain-vs-existing-artificial-intelligence-systems/},
  urldate = {2024-01-21}
}

@article{bib:model_2,
  title   = {An Experimental and Numerical Study of Thermal Stratification in a Horizontal Cylindrical Solar Storage},
  author  = {S. Alizadeh},
  journal = {Solar Energy},
  year    = {1999}
}


@article{bib:data_model,
  title   = {Representative hot water draw profiles at high temporal resolution for simulating the performance of solar thermal systems},
  author  = {S. Edwards and I. Beausoleil-Morrison and A. Laperrièr},
  journal = {Solar Energy },
  year    = {2015},
  number  = {111},
  pages   = {43-52}
}


@online{bib:Behavioural,
  author  = {N.D. Pflugradt},
  title   = {Modeling water and energy consumption in households},
  year    = {2016},
  url     = {https://nbn-resolving.org/urn:nbn:de:bsz:ch1-qucosa-209036},
  urldate = {2024-01-08}
}

@online{bib:TPU,
  author  = {Google Cloud},
  title   = {Introduction to Cloud TPU.},
  year    = {2023},
  url     = {https://cloud.google.com/tpu/docs/intro-to-tpu},
  urldate = {2024-01-08}
}

@online{bib:COLAB,
  author  = {Google Colab},
  title   = {Welcome to Colaboratory.},
  year    = {2023},
  url     = {https://cloud.google.com/tpu/docs/intro-to-tpu},
  urldate = {2024-01-08}
}

@online{bib:wegiel,
  author  = {Bartłomiej Derski},
  title   = {Udział węgla w energetyce spadł do 63\%},
  year    = {2024},
  url     = {https://wysokienapiecie.pl/96011-udzial-wegla-i-oze-w-polsce-2023/},
  urldate = {2024-01-30}
}

@article{bib:Time_series,
  title   = { Forecasting hot water consumption in residential houses},
  author  = {L. Gela\v{z}anskas and K. Gamage},
  journal = {Energies 8},
  year    = {2015},
  pages   = {12702 - 1271}
}

@article{bib:uzycie_wody,
  title   = {A review of water heating technologies: an application to the South African context},
  author  = {P. Hohne and K. Kusakana and B. Numb},
  journal = {Energy Reports 5},
  year    = {2019},
  pages   = {1–19}
}

@inproceedings{bib:model_przewidywania,
  title     = {Domestic heat demand prediction using neural networks},
  author    = {V. Bakker and A. Molderink and J.L. Hurink and Gerard J. M. Smit},
  booktitle = {19th International Conference on Systems Engineering},
  year      = {2008},
  pages     = {189 - 194}
}